@misc{WGR2024,
  author       = {V. Weger and N. Gassner and J. Rosenthal},
  title        = {A Survey on Code-based Cryptography},
  year         = {2024},
  eprint       = {2201.07119},
  archivePrefix= {arXiv},
  primaryClass = {cs.CR},
  version      = {5},
  note         = {arXiv:2201.07119v5}
}

@misc{SSA2008,
  author       = {Sarah Spence Adams},
  title        = {Introduction to Algebraic Coding Theory With Gap Fall 2006},
  howpublished = "\url{https://pi.math.cornell.edu/~web336/eccbook2007.pdf}",
  month       = {January},
  year         = {2008},
  publisher    = {Cornell University}
}